@article{Tetrahemihexaedro,
	author = {Ruen, Tom},
	howpublished = {https://en.wikipedia.org/wiki/Tetrahemihexahedron\#/media/File:Tetrahemihexahedron\_rotation.gif},
	note = {Accedido: 2021-02-06},
	title = {Tetrahemihexahedron rotation}
}

@article{Euler,
	author = {Euler, Leonhard},
	howpublished = {https://scholarlycommons.pacific.edu/euler-works/230},
	number = {230},
	organization = {The Euler Archive},
	school = {University of Pacific},
	title = {Elementa doctrinae solidorum}
}

@unpublished{Romero,
	author = {{Romero Fuster}, Mar{\'\i}a del Carmen},
	note = {(Apuntes personales de la profesora)},
	title = {Topolog{\'\i}a algebraica}
}

@book{Vick12,
	author = {Vick, James W},
	publisher = {Springer Science \& Business Media},
	title = {Homology theory: an introduction to algebraic topology},
	volume = {145},
	year = {2012}
}

@book{bonin97,
	author = {Bon{\'\i}n, Francisca Mascar{\'o} and Garc{\'\i}a-Pozuelo, Juan Luis Monterde and Ballesteros, Juan Jos{\'e} Nu{\~n}o and Villanueva, Rafael Sivera},
	publisher = {Universitat de Val{\`e}ncia},
	title = {Introducci{\'o} a la topologia},
	volume = {20},
	year = {1997}
}

@book{Spanier66,
	author = {Spanier, Edward H.},
	edition = {MGH},
	isbn = {9780070598836,0070598835},
	publisher = {McGraw-Hill Inc},
	series = {},
	title = {Algebraic topology},
	url = {http://gen.lib.rus.ec/book/index.php?md5=328d2900ffda516087537233fea6ad62},
	volume = {},
	year = {1966}
}

@mastersthesis{Lujan18,
	author = {Mora, Jorge Luj{\'a}n},
	title = {Homologia Simplicial i la seua aplicaci{\'o} a l'an{\`a}lisi musical},
	year = {2018}
}

@misc{FiveLemma,
	author = {{nLab authors}},
	howpublished = {\url{http://ncatlab.org/nlab/show/five%20lemma}},
	month = feb,
	note = {\href{http://ncatlab.org/nlab/revision/five\%20lemma/23}{Revision 23}},
	title = {five lemma},
	year = 2021
}

@misc{MSE,
	author = {user98602},
	eprint = {https://math.stackexchange.com/q/1508366},
	howpublished = {Mathematics Stack Exchange},
	note = {URL:https://math.stackexchange.com/q/1508366 (version: 2017-04-13)},
	title = {cup-product for singular homology?},
	url = {https://math.stackexchange.com/q/1508366}
}

@misc{Hole,
	author = {tpfto},
	title = {Hole in a hole in a hole}
}

@misc{DobleInd,
	author = {(https://math.stackexchange.com/users/50776/mario-carneiro), Mario Carneiro},
	eprint = {https://math.stackexchange.com/q/1542491},
	howpublished = {Mathematics Stack Exchange},
	note = {URL:https://math.stackexchange.com/q/1542491 (version: 2015-12-01)},
	title = {Axiom of Double Induction?},
	url = {https://math.stackexchange.com/q/1542491}
}

@misc{BienOrd,
	author = {bryanj (https://math.stackexchange.com/users/54886/bryanj)},
	eprint = {https://math.stackexchange.com/q/432302},
	howpublished = {Mathematics Stack Exchange},
	note = {URL:https://math.stackexchange.com/q/432302 (version: 2020-08-01)},
	title = {How do you prove Well-Ordering without Mathematical Induction? (and vice-versa)},
	url = {https://math.stackexchange.com/q/432302}
}

@misc{Numberphile,
	author = {Ardila, Federico and Haran, Brady},
	howpublished = {https://www.youtube.com/watch?v=-lkxvIJNnEc},
	note = {Accedido: 2021-03-06},
	title = {The Cross Ratio},
	url = {https://www.youtube.com/watch?v=-lkxvIJNnEc}
}

